<record><leader>00000cas a2200000 a 4500</leader><controlfield tag="001">13686069</controlfield><controlfield tag="008">860604d19091949okudr ne      0    0eng d</controlfield><datafield ind1=" " ind2=" " tag="010"><subfield code="a">sn 86063907 </subfield></datafield><datafield ind1=" " ind2=" " tag="040"><subfield code="a">KSH</subfield><subfield code="b">eng</subfield><subfield code="c">KSH</subfield><subfield code="d">NPT</subfield><subfield code="d">OBN</subfield><subfield code="d">OCL</subfield><subfield code="d">OCLCQ</subfield><subfield code="d">OCLCF</subfield><subfield code="d">OCLCO</subfield></datafield><datafield ind1="1" ind2=" " tag="029"><subfield code="a">AU@</subfield><subfield code="b">000022169115</subfield></datafield><datafield ind1=" " ind2=" " tag="042"><subfield code="a">msc</subfield></datafield><datafield ind1=" " ind2=" " tag="043"><subfield code="a">n-us-ok</subfield></datafield><datafield ind1="0" ind2=" " tag="130"><subfield code="a">Morning examiner (Bartlesville, Okla.)</subfield></datafield><datafield ind1="1" ind2="0" tag="245"><subfield code="a">Morning examiner.</subfield></datafield><datafield ind1="3" ind2=" " tag="246"><subfield code="a">Sunday examiner-enterprise</subfield></datafield><datafield ind1=" " ind2=" " tag="260"><subfield code="a">Bartlesville, Okla. :</subfield><subfield code="b">Examiner Pub Co.</subfield></datafield><datafield ind1=" " ind2=" " tag="300"><subfield code="a">v.</subfield></datafield><datafield ind1=" " ind2=" " tag="310"><subfield code="a">Daily (except Monday)</subfield></datafield><datafield ind1="0" ind2=" " tag="362"><subfield code="a">Vol. 14, no. 319 (Aug. 15, 1909)-v. 59, no. 4 (Mar. 5, 1949).</subfield></datafield><datafield ind1=" " ind2=" " tag="500"><subfield code="a">On Sundays published as: Sunday examiner-enterprise, May 21, 1939-Mar. 5, 1949.</subfield></datafield><datafield ind1=" " ind2=" " tag="580"><subfield code="a">Evening ed. : Bartlesville daily enterprise, &lt;1939&gt;-Mar. 4, 1949.</subfield></datafield><datafield ind1=" " ind2=" " tag="580"><subfield code="a">Weekly ed.: Weekly examiner (Bartlesville, Okla.).</subfield></datafield><datafield ind1=" " ind2="0" tag="651"><subfield code="a">Bartlesville (Okla.)</subfield><subfield code="v">Newspapers.</subfield></datafield><datafield ind1=" " ind2="0" tag="651"><subfield code="a">Washington County (Okla.)</subfield><subfield code="v">Newspapers.</subfield></datafield><datafield ind1=" " ind2="7" tag="655"><subfield code="a">Newspapers.</subfield><subfield code="2">fast</subfield><subfield code="0">(OCoLC)fst01423814</subfield></datafield><datafield ind1=" " ind2="7" tag="651"><subfield code="a">Oklahoma</subfield><subfield code="z">Bartlesville.</subfield><subfield code="2">fast</subfield><subfield code="0">(OCoLC)fst01221558</subfield></datafield><datafield ind1=" " ind2="7" tag="651"><subfield code="a">Oklahoma</subfield><subfield code="z">Washington County.</subfield><subfield code="2">fast</subfield><subfield code="0">(OCoLC)fst01223288</subfield></datafield><datafield ind1=" " ind2=" " tag="752"><subfield code="a">United States</subfield><subfield code="b">Oklahoma</subfield><subfield code="c">Washington</subfield><subfield code="d">Bartlesville.</subfield></datafield><datafield ind1="0" ind2=" " tag="775"><subfield code="t">Bartlesville daily enterprise</subfield><subfield code="w">(DLC)sn 86063906</subfield><subfield code="w">(OCoLC)13686041</subfield></datafield><datafield ind1="0" ind2=" " tag="775"><subfield code="t">Weekly examiner (Bartlesville, Okla.)</subfield><subfield code="w">(DLC)sn 86063908</subfield><subfield code="w">(OCoLC)13732870</subfield></datafield><datafield ind1="0" ind2="0" tag="780"><subfield code="t">Bartlesville examiner</subfield><subfield code="w">(DLC)sn 97064909</subfield><subfield code="w">(OCoLC)37007089</subfield></datafield><datafield ind1="0" ind2="7" tag="785"><subfield code="t">Bartlesville daily enterprise (Bartlesville, Okla. : 1905)</subfield><subfield code="w">(DLC)sn 86063906</subfield><subfield code="w">(OCoLC)13686041</subfield></datafield><datafield ind1="0" ind2="7" tag="785"><subfield code="t">Bartlesville examiner-enterprise (Bartlesville, Okla. : 1949)</subfield><subfield code="w">(DLC)sn 97064913</subfield><subfield code="w">(OCoLC)37008767</subfield></datafield></record>